<record><leader>00000cas a2200000 a 4500</leader><controlfield tag="001">32262182</controlfield><controlfield tag="007">hd afu---baca</controlfield><controlfield tag="007">hd afu---bbca</controlfield><controlfield tag="008">950406d18841989nbudn nea     0    0eng d</controlfield><datafield ind1=" " ind2=" " tag="010"><subfield code="a">sn 95069276 </subfield></datafield><datafield ind1=" " ind2=" " tag="040"><subfield code="a">NVG</subfield><subfield code="b">eng</subfield><subfield code="c">NVG</subfield><subfield code="d">OCL</subfield><subfield code="d">OCLCQ</subfield></datafield><datafield ind1="1" ind2=" " tag="022"><subfield code="a">0748-5379</subfield><subfield code="l">0748-5379</subfield></datafield><datafield ind1=" " ind2=" " tag="042"><subfield code="a">msc</subfield></datafield><datafield ind1=" " ind2=" " tag="043"><subfield code="a">n-us-nb</subfield></datafield><datafield ind1="0" ind2=" " tag="130"><subfield code="a">Grand Island daily independent (Mail ed.)</subfield></datafield><datafield ind1=" " ind2="4" tag="222"><subfield code="a">The Grand Island daily independent</subfield><subfield code="b">(Mail ed.)</subfield></datafield><datafield ind1="1" ind2="4" tag="245"><subfield code="a">The Grand Island daily independent</subfield><subfield code="h">[microform].</subfield></datafield><datafield ind1="1" ind2="0" tag="246"><subfield code="a">Grand Island weekender independent</subfield></datafield><datafield ind1="1" ind2="0" tag="246"><subfield code="a">Grand Island Sunday independent</subfield></datafield><datafield ind1=" " ind2=" " tag="250"><subfield code="a">Mail ed.</subfield></datafield><datafield ind1=" " ind2=" " tag="260"><subfield code="a">Grand Island, Neb. :</subfield><subfield code="b">Grand Island Daily Independent,</subfield><subfield code="c">1965-</subfield></datafield><datafield ind1=" " ind2=" " tag="300"><subfield code="a">v.</subfield></datafield><datafield ind1=" " ind2=" " tag="310"><subfield code="a">Daily (except Jan. 1, July 4, Thanksgiving, Dec. 25),</subfield><subfield code="b">&lt;July 1, 1984&gt;-1989</subfield></datafield><datafield ind1=" " ind2=" " tag="321"><subfield code="a">Daily (expect Sun.),</subfield><subfield code="b">1965-Sept. 29, 1979</subfield></datafield><datafield ind1=" " ind2=" " tag="321"><subfield code="a">Daily (expect July 4, Thanksgiving, Dec. 25),</subfield><subfield code="b">Sept. 30, 1979-</subfield></datafield><datafield ind1="0" ind2=" " tag="362"><subfield code="a">Vol. 82, no. 233 (Sept. 30, 1965)-</subfield></datafield><datafield ind1="1" ind2=" " tag="362"><subfield code="a">Ceased with Nov. 10, 1989 issue.</subfield></datafield><datafield ind1=" " ind2=" " tag="500"><subfield code="a">On Saturdays published as: the Grand Island weekender independent, Jan. 21, 1967-Sept. 22, 1979.</subfield></datafield><datafield ind1=" " ind2=" " tag="500"><subfield code="a">On Sundays published as: the Grand Island Sunday independent, Sept. 30, 1979-1989.</subfield></datafield><datafield ind1=" " ind2=" " tag="580"><subfield code="a">Merged with: Grand Island daily independent (Regular ed.), to form: Grand Island independent.</subfield></datafield><datafield ind1=" " ind2=" " tag="533"><subfield code="a">Microfilm.</subfield><subfield code="b">Cleveland, Ohio :</subfield><subfield code="c">Micro Photo.</subfield><subfield code="e">158 microfilm reels ; 35 mm.</subfield></datafield><datafield ind1=" " ind2=" " tag="752"><subfield code="a">United States</subfield><subfield code="b">Nebraska</subfield><subfield code="c">Hall</subfield><subfield code="d">Grand Island.</subfield></datafield><datafield ind1="1" ind2=" " tag="776"><subfield code="c">Original</subfield><subfield code="w">(DLC)sn 84020320</subfield></datafield><datafield ind1="1" ind2="7" tag="785"><subfield code="t">Grand Island daily independent (Regular ed.)</subfield><subfield code="x">0748-5387</subfield><subfield code="w">(DLC)sn 95069271</subfield></datafield><datafield ind1="1" ind2="7" tag="785"><subfield code="t">Grand Island independent</subfield><subfield code="x">1049-3018</subfield><subfield code="w">(DLC)sn 95069277</subfield></datafield><datafield ind1="1" ind2=" " tag="029"><subfield code="a">AU@</subfield><subfield code="b">000022177912</subfield></datafield></record>